
@article{DBLP:journals/corr/MnihKSGAWR13,
	author    = {Volodymyr Mnih and
	Koray Kavukcuoglu and
	David Silver and
	Alex Graves and
	Ioannis Antonoglou and
	Daan Wierstra and
	Martin A. Riedmiller},
	title     = {Playing Atari with Deep Reinforcement Learning},
	journal   = {CoRR},
	volume    = {abs/1312.5602},
	year      = {2013},
	url       = {http://arxiv.org/abs/1312.5602},
	archivePrefix = {arXiv},
	eprint    = {1312.5602},
	timestamp = {Mon, 13 Aug 2018 16:47:42 +0200},
	biburl    = {https://dblp.org/rec/bib/journals/corr/MnihKSGAWR13},
	bibsource = {dblp computer science bibliography, https://dblp.org}
}

@article{DBLP:journals/corr/abs-1710-02298,
	author    = {Matteo Hessel and
	Joseph Modayil and
	Hado van Hasselt and
	Tom Schaul and
	Georg Ostrovski and
	Will Dabney and
	Daniel Horgan and
	Bilal Piot and
	Mohammad Gheshlaghi Azar and
	David Silver},
	title     = {Rainbow: Combining Improvements in Deep Reinforcement Learning},
	journal   = {CoRR},
	volume    = {abs/1710.02298},
	year      = {2017},
	url       = {http://arxiv.org/abs/1710.02298},
	archivePrefix = {arXiv},
	eprint    = {1710.02298},
	timestamp = {Mon, 13 Aug 2018 16:48:05 +0200},
	biburl    = {https://dblp.org/rec/bib/journals/corr/abs-1710-02298},
	bibsource = {dblp computer science bibliography, https://dblp.org}
}

@article{DBLP:journals/corr/WangFL15,
	author    = {Ziyu Wang and
	Nando de Freitas and
	Marc Lanctot},
	title     = {Dueling Network Architectures for Deep Reinforcement Learning},
	journal   = {CoRR},
	volume    = {abs/1511.06581},
	year      = {2015},
	url       = {http://arxiv.org/abs/1511.06581},
	archivePrefix = {arXiv},
	eprint    = {1511.06581},
	timestamp = {Mon, 13 Aug 2018 16:48:17 +0200},
	biburl    = {https://dblp.org/rec/bib/journals/corr/WangFL15},
	bibsource = {dblp computer science bibliography, https://dblp.org}
}

@misc{humancontrol, title={Human-level control through deep reinforcement learning}, url={https://www.nature.com/articles/nature14236}, journal={Nature News}, publisher={Nature Publishing Group}, author={Mnih, Volodymyr and Kavukcuoglu, Koray and Silver, David and Rusu, Andrei A. and Veness, Joel and Bellemare, Marc G. and Graves, Alex and Riedmiller, Martin and Fidjeland, Andreas K. and Ostrovski, Georg and et al.}, year={2015}, month={Feb}}

@misc{ptan,
	title = {Ptan Agent Library},
	howpublished = {\url{https://github.com/Shmuma/ptan}},
	note = {Accessed: 2019-05-10}
}

@misc{packtrepo,
	title = {Deep-Reinforcement-Learning-Hands-On Github Repository},
	howpublished = {\url{https://github.com/PacktPublishing/Deep-Reinforcement-Learning-Hands-On/tree/master/Chapter07}},
	note = {Accessed: 2019-05-10}
}